@article{Peters2014,
author = {Peters, Jo},
title = {{The role of genomic imprinting in biology and disease: an expanding view}},
journal = {Nature reviews. Genetics},
year = {2014},
volume = {15},
number = {8},
pages = {517--530},
month = jun
}

